% Encoding: UTF-8

@inbook{task,
	author="Борознов В. О.",
	title="Исследование решения задачи коммивояжера",
	publisher="--- АГТУ, Вестник Астраханского государственного технического университета. Серия: Управление, вычислительная техника и информатика [Электронный ресурс]",
	language="russian",
	year=2022,
	url="Режим доступа: \url{https://cyberleninka.ru/article/n/issledovanie-resheniya-zadachi-kommivoyazhera/viewer} (дата обращения: 18.11.2021)"
}
